<?xml version="1.0" encoding="UTF-8"?><collection><record><leader>06784ntm a2200613 a 4500</leader><controlfield tag="001">006835989</controlfield><controlfield tag="003">MiAaHDL</controlfield><controlfield tag="005">20190719000000.0</controlfield><controlfield tag="006">m        d        </controlfield><controlfield tag="007">cr bn ---auaua</controlfield><controlfield tag="008">090707q17711772ii            00| ||per d</controlfield><datafield tag="035" ind1=" " ind2=" "><subfield code="a">(MiU)006835989</subfield></datafield><datafield tag="035" ind1=" " ind2=" "><subfield code="a">sdr-miu006835989</subfield></datafield><datafield tag="040" ind1=" " ind2=" "><subfield code="a">MiU</subfield><subfield code="c">MiU</subfield><subfield code="e">amremm</subfield></datafield><datafield tag="043" ind1=" " ind2=" "><subfield code="a">n-us-mi</subfield></datafield><datafield tag="100" ind1="0" ind2=" "><subfield code="6">880-01</subfield><subfield code="a">Saʻdī.</subfield></datafield><datafield tag="245" ind1="1" ind2="0"><subfield code="6">880-03</subfield><subfield code="a">Gulistān,</subfield><subfield code="f">[1185?, i.e. 1771 or 1772?].</subfield></datafield><datafield tag="246" ind1="3" ind2="8"><subfield code="a">GULISTĀN</subfield></datafield><datafield tag="246" ind1="3" ind2=" "><subfield code="a">کلستان</subfield></datafield><datafield tag="246" ind1="3" ind2=" "><subfield code="a">كلستان</subfield></datafield><datafield tag="260" ind1=" " ind2=" "><subfield code="a">[Chīnāpatan,</subfield><subfield code="c">1771 or 1772?].</subfield></datafield><datafield tag="300" ind1=" " ind2=" "><subfield code="a">141 leaves :</subfield><subfield code="b">paper ;</subfield><subfield code="c">206 x 132 (150 x 80) mm. bound to 212 x 140 mm.</subfield></datafield><datafield tag="500" ind1=" " ind2=" "><subfield code="a">Shelfmark: Ann Arbor, University of Michigan, Special Collections Library, Isl. Ms. 895</subfield></datafield><datafield tag="500" ind1=" " ind2=" "><subfield code="a">Origin: As appears in colophon on p.298, copied by Muḥammad Jaʻfar ibn Muḥammad Ādam in Chīnāpatan (چيناپتن, i.e. Madras or Chennai) with transcription completed in 1184 [1770 or 71] or 1185 [1771 or 2] ; likely 1185 as numerals appear to have been overwritten in red by the rubricator.</subfield></datafield><datafield tag="500" ind1=" " ind2=" "><subfield code="a">Accompanying materials: a. Slip or tag with "#2" in red pencil (paginated pp.1-2) -- b. Slip of ruled paper with inscription in ink "Chambers. See Ethé, Bodleian cat., col. 260." (paginated pp.3-4) -- c. Slip with description in hand of G. Meredith-Owens "MO 15 Gulistān of Saʻdī | copied in 1185 (6 ?) in Chināpatan (?) by Muḥammad b. Jaʻfar b. Muḥammad" (paginated pp.5-6) -- d. Slip with description (in hand of E. Husselman ?) "Muṣliḥ ibn ʻAbd Allāh, Musharrif al-Dīn, called Saʻdī, Shīrāzī. Gulistān. Copied A.H. 1185. Have several other MSS in U. of M. Isl. MSS." (paginated pp.7-8) -- e. Slip with note "Persian MSS (Heyworth-Dunne?) with Husselman and Meredith-Owen notes" (paginated pp.9-10) -- f. Slip with note "Counted for 1968/69 Annual Report" (paginated pp.11-12) -- g. Card with description in pencil "Gulestān (MS) | Saʻdi | Date: 1185 AH (1766±) | Pages: 284" (paginated pp.13-14).</subfield></datafield><datafield tag="500" ind1=" " ind2=" "><subfield code="a">Former shelfmark: Mich. Isl. Ms. temp. no 44</subfield></datafield><datafield tag="500" ind1=" " ind2=" "><subfield code="a">Binding: Boards covered in reddish cloth with red-brown leather over spine (quarter binding) ; Western style binding ; pastedowns and flyleaves in faintly marbled paper with a pinkish hue ; head edge of text block gilt ; spine blind-tooled with leaf and decorative lines as well as gold-stamped with "SAʻDĪ |GULISTĀN | MS. | A.H. 1185" ; sewn in white thread over five recessed cords ; overall in good condition.</subfield></datafield><datafield tag="500" ind1=" " ind2=" "><subfield code="a">Support: non-European laid paper with roughly 9 laid lines per cm. (vertical, fairly indistinct, curving) and chain lines only faintly visible at roughly 25 mm. apart (see p.302, etc.), thin and crisp though sturdy, well-sized and burnished, stark white in color ; original leaves have been mounted in frames of wove paper (applied to the recto) which have then been sewn in the current rebinding ; outer edges of original leaves and mounts have been trimmed together ; minor pest damage in original leaves.</subfield></datafield><datafield tag="500" ind1=" " ind2=" "><subfield code="a">Decoration: Illuminated headpiece (ʻunwān / sarlawḥ) at opening on p.22 consisting of rectangular piece with gold cartouche (carrying the basmalah set off by cloud bands) flanked by floral vegetal motifs in gold, red and dark grey blue, surmounted by scalloped w-shaped piece with swirling floral vegetal designs in red, grey blue [or dark green?], and gold on fields of gold and grey blue, all surmounted by vertical stalks (tīgh) grey blue and set in a well of gold and grey bands with red vegetal accents ; written area of incipit and facing page surrounded by frame consisting of a gold band defined by black fillets with outermost black and red rules ; elsewhere written area surrounded by triple rule-border in two red rules and one blue ; keywords, abbreviation symbols (mainly two-teeth stroke overlining some keywords), and vocalization rubricated ; textual dividers in the form of horizontal stroke with closed loop, three dots, etc.</subfield></datafield><datafield tag="500" ind1=" " ind2=" "><subfield code="a">Script: Nastaʻlīq ; elegant, somewhat compact hand in a medium line ; serifless with effect of words descending to baseline, many closed counters, pointing (two and three dots) mainly in strokes or conjoined dots.</subfield></datafield><datafield tag="500" ind1=" " ind2=" "><subfield code="a">Layout: Written in 12 lines per page ; frame-ruled.</subfield></datafield><datafield tag="500" ind1=" " ind2=" "><subfield code="a">Collation: iv, 17 IV(136), II+1 (141), iv ; almost exclusively quaternions (though original sewing now impossible to discern, mid-quire marks designate centers of gatherings) ; middle of the quire marks in the form of black oblique strokes in the upper outer corner of the right-hand leaf ; final leaves ruled but left blank ; catchwords present ; pagination in now light grey ink, Western numerals (every other leaf, not always visible) ; pagination in pencil, Western numerals, supplied during digitization (includes inserts and flyleaves).</subfield></datafield><datafield tag="500" ind1=" " ind2=" "><subfield code="a">Colophon: "Scribal," triangular, reads "این کتاب مستطاب کلستان از معین واهب متعال ... بشب دوشنبه در سنه ۱۱۸۴ [۱۱۸۵] چیناپتن باتمام رسید کاتب الحروف محمد جعفر بن محمد ادم غفر الله ذنوبهى بیت ... تم"</subfield></datafield><datafield tag="500" ind1=" " ind2=" "><subfield code="a">Incipit: "منت مر خدا یرا عز و جل که طاعتش موجب قربت است ..."</subfield></datafield><datafield tag="500" ind1=" " ind2=" "><subfield code="a">Title from close on p.298.</subfield></datafield><datafield tag="500" ind1=" " ind2=" "><subfield code="a">Ms. codex.</subfield></datafield><datafield tag="510" ind1="4" ind2=" "><subfield code="a">Rypka,</subfield><subfield code="c">p.251-253</subfield></datafield><datafield tag="510" ind1="4" ind2=" "><subfield code="a">Browne,</subfield><subfield code="c">v. ii, p.525-532</subfield></datafield><datafield tag="510" ind1="4" ind2=" "><subfield code="a">Cat. Pers. MSS Brit. Mus.,</subfield><subfield code="c">p.595 ff.</subfield></datafield><datafield tag="520" ind1="8" ind2=" "><subfield code="a">Elegant copy of the Gulistān, celebrated collection of moralizing anecdotes in rhymed prose interspersed with verse (maqāmah form), composed in 1258 by the renowned Persian poet and prose writer, Saʻdī (d.1292).</subfield></datafield><datafield tag="538" ind1=" " ind2=" "><subfield code="a">Mode of access: Internet.</subfield></datafield><datafield tag="541" ind1=" " ind2=" "><subfield code="c">Gift ;</subfield><subfield code="a">Acquired from Frank E. Nuttall (1875-1943).</subfield></datafield><datafield tag="546" ind1=" " ind2=" "><subfield code="a">Persian.</subfield></datafield><datafield tag="561" ind1=" " ind2=" "><subfield code="a">Note "Persian MSS." and former inventory mark "10/6" on flyleaf (p.15) ; back flyleaf stamped in black ink "J. ADAMS MANCHESTER" ; Western numerals in the margins mark lines of verse at intervals ; occasional marginal correction.</subfield></datafield><datafield tag="650" ind1=" " ind2="0"><subfield code="a">Manuscripts, Persian</subfield><subfield code="z">Michigan</subfield><subfield code="z">Ann Arbor.</subfield></datafield><datafield tag="650" ind1=" " ind2="0"><subfield code="a">Sufi poetry, Persian</subfield><subfield code="v">Early works to 1800.</subfield></datafield><datafield tag="650" ind1=" " ind2="0"><subfield code="a">Persian poetry</subfield><subfield code="y">747-1500</subfield></datafield><datafield tag="655" ind1=" " ind2="7"><subfield code="a">Headpieces (layout features)</subfield><subfield code="y">18th century.</subfield><subfield code="2">aat</subfield></datafield><datafield tag="700" ind1="1" ind2=" "><subfield code="a">Nuttall, Frank E.,</subfield><subfield code="d">1875-1943,</subfield><subfield code="e">former owner.</subfield></datafield><datafield tag="700" ind1="0" ind2=" "><subfield code="6">880-05</subfield><subfield code="a">Muḥammad Jaʻfar ibn Muḥammad Ādam,</subfield><subfield code="d">fl. 1771,</subfield><subfield code="e">scribe.</subfield></datafield><datafield tag="773" ind1="0" ind2=" "><subfield code="a">F. E. Nuttall Collection.</subfield></datafield><datafield tag="880" ind1="0" ind2=" "><subfield code="6">700-05/</subfield><subfield code="a">محمد جعفر بن محمد آدم,</subfield><subfield code="e">ناسخ.</subfield></datafield><datafield tag="880" ind1="1" ind2="0"><subfield code="6">245-03/</subfield><subfield code="a">گلستان,</subfield><subfield code="f">[1185ه؟, 1771 او 1772م؟].</subfield></datafield><datafield tag="880" ind1="0" ind2=" "><subfield code="6">100-01/</subfield><subfield code="a">سعدى.</subfield></datafield><datafield tag="CID" ind1=" " ind2=" "><subfield code="a">006835989</subfield></datafield><datafield tag="DAT" ind1="0" ind2=" "><subfield code="a">20190719102641.0</subfield><subfield code="b">20190719000000.0</subfield></datafield><datafield tag="DAT" ind1="1" ind2=" "><subfield code="a">20190719090653.0</subfield><subfield code="b">2019-07-19T16:12:30Z</subfield></datafield><datafield tag="DAT" ind1="2" ind2=" "><subfield code="a">2015-10-02T18:00:03Z</subfield></datafield><datafield tag="CAT" ind1=" " ind2=" "><subfield code="a">SDR-MIU</subfield><subfield code="d">EX LIBRIS - ALEPH</subfield><subfield code="l">prepare.pl-004-008</subfield></datafield><datafield tag="FMT" ind1=" " ind2=" "><subfield code="a">BK</subfield></datafield><datafield tag="HOL" ind1=" " ind2=" "><subfield code="0">sdr-miu006835989</subfield><subfield code="a">MiU</subfield><subfield code="b">SDR</subfield><subfield code="c">MIU</subfield><subfield code="p">mdp.39015079132257</subfield><subfield code="s">MIU</subfield><subfield code="1">006835989</subfield></datafield><datafield tag="974" ind1=" " ind2=" "><subfield code="b">MIU</subfield><subfield code="c">MIU</subfield><subfield code="d">20190719</subfield><subfield code="s">lit-dlps-dc</subfield><subfield code="u">mdp.39015079132257</subfield><subfield code="y">1772</subfield><subfield code="r">pd</subfield><subfield code="q">bib</subfield><subfield code="t">non-US bib date2 &lt; 1879</subfield></datafield></record></collection>